@article{cressie1985fitting,
  title={Fitting variogram models by weighted least squares},
  author={Cressie, Noel},
  journal={Journal of the international Association for mathematical Geology},
  volume={17},
  number={5},
  pages={563--586},
  year={1985},
  publisher={Springer}
}

@book{cressie1993statistics,
  title={Statistics for Spatial Data},
  author={Cressie, Noel},
  year={1993},
  publisher={John Wiley \& Sons}
}

@article{curriero1999composite,
  title={A composite likelihood approach to semivariogram estimation},
  author={Curriero, Frank C and Lele, Subhash},
  journal={Journal of Agricultural, biological, and Environmental statistics},
  pages={9--28},
  year={1999},
  publisher={JSTOR}
}

@article{harville1977maximum,
  title={Maximum Likelihood Approaches to Variance Component Estimation and to Related Problems},
  author={Harville, David A},
  journal={Journal of the American Statistical Association},
  volume={72},
  number={358},
  pages={320--338},
  year={1977},
  publisher={Taylor \& Francis}
}

@article{patterson1971recovery,
  title={Recovery of Inter-Block Information when Block Sizes are Unequal},
  author={Patterson, H Desmond and Thompson, Robin},
  journal={Biometrika},
  volume={58},
  number={3},
  pages={545--554},
  year={1971},
  publisher={Oxford University Press}
}

@article{wolfinger1994computing,
  title={Computing Gaussian Likelihoods and their Derivatives for General Linear Mixed Models},
  author={Wolfinger, Russ and Tobias, Randy and Sall, John},
  journal={SIAM Journal on Scientific Computing},
  volume={15},
  number={6},
  pages={1294--1310},
  year={1994},
  publisher={SIAM}
}
